@online{neural-doodle,
    organization="Neural doodle",
    url="https://github.com/alexjc/neural-doodle"
}
@online{mari-o,
    organization="MarI/O",
    url="https://pastebin.com/ZZmSNaHX"
}
@online{theano,
    organization="theano",
    url="http://deeplearning.net/software/theano/"
}
@online{tensor-flow,
    organization="TensorFlow",
    url="https://www.tensorflow.org/"
}
@online{scikit-learn,
    organization="scikit-learn",
    url={http://scikit-learn.org}
}
@online{coding-train,
    organization="The Coding Train",
    url={https://www.youtube.com/channel/UCvjgXvBlbQiydffZU7m1_aw}
}
@online{siraj,
    author={Siraj Raval},
    url={https://www.youtube.com/channel/UCWN3xxRkmTPmbKwht9FuE5A}
}
@online{stanford-gol,
    title="Conways Game of Life",
    organization="Stanford University",
    url="http://web.stanford.edu/~cdebs/GameOfLife/"
}
@Article{toronto-go-1,
    author={Alex Krizhevsky, Ilya Sutskever, Geoffrey E. Hinton},
    title={ImageNet Classification with Deep Convolutaional Neural
        Networks},
    organization={University of Toronto}
}
@Article{toronto-go-2,
    author={Chris J. Maddison},
    title={Move evaluation in Go using deep convolutional neural
        networks},
    organization={University of Toronto}
}
@Article{alpha-go,
    title="Mastering the Game of Go with deep Neural Networks and Tree
        Search",
    organization="Google"
}

